<collection xmlns="http://www.loc.gov/MARC21/slim">
<record>
  <leader>01015nam0a22002411i 450 </leader>
  <controlfield tag="001">IT\ICCU\CNCE\029445</controlfield>
  <controlfield tag="005">20080403000000.0</controlfield>
  <datafield tag="012" ind1=" " ind2=" ">
    <subfield code="a">:-il da*+ sosi mota (C) 1522 (Q)</subfield>
    <subfield code="2">fei</subfield>
  </datafield>
  <datafield tag="100" ind1=" " ind2=" ">
    <subfield code="a">19971119f1522        0itac0103    ba</subfield>
  </datafield>
  <datafield tag="101" ind1=" " ind2=" ">
    <subfield code="a">ITA</subfield>
  </datafield>
  <datafield tag="102" ind1=" " ind2=" ">
    <subfield code="a">IT</subfield>
  </datafield>
  <datafield tag="200" ind1="1" ind2=" ">
    <subfield code="a">℗La ℗operina di Ludouico Vicentino da imparare di scrivere littera cancellarescha</subfield>
  </datafield>
  <datafield tag="210" ind1=" " ind2=" ">
    <subfield code="a">(In Roma</subfield>
    <subfield code="c">per inuentione di Ludouico Vicentino)</subfield>
    <subfield code="d">\1522!</subfield>
  </datafield>
  <datafield tag="215" ind1=" " ind2=" ">
    <subfield code="a">\6! c.</subfield>
    <subfield code="c">ill.</subfield>
    <subfield code="d">4ʻ</subfield>
  </datafield>
  <datafield tag="300" ind1=" " ind2=" ">
    <subfield code="a">ANNULLATA !!!  vedi 3130</subfield>
  </datafield>
  <datafield tag="620" ind1=" " ind2=" ">
    <subfield code="a">IT</subfield>
    <subfield code="d">Roma</subfield>
  </datafield>
  <datafield tag="700" ind1=" " ind2="1">
    <subfield code="a">Arrighi,</subfield>
    <subfield code="b">Ludovico : degli</subfield>
    <subfield code="3">IT\ICCU\CNCA\000902</subfield>
  </datafield>
  <datafield tag="712" ind1="0" ind2="0">
    <subfield code="a">Arrighi, Ludovico degli</subfield>
    <subfield code="3">IT\ICCU\CNCT\000796</subfield>
    <subfield code="4">650</subfield>
  </datafield>
  <datafield tag="790" ind1=" " ind2="0">
    <subfield code="a">Ludovico</subfield>
    <subfield code="c"> : Vicentino</subfield>
    <subfield code="3">IT\ICCU\CNCA\012566</subfield>
    <subfield code="z">Arrighi, Ludovico : degli</subfield>
  </datafield>
  <datafield tag="791" ind1="0" ind2="2">
    <subfield code="a">Ludovico Vicentino</subfield>
    <subfield code="3">IT\ICCU\CNCT\002986</subfield>
    <subfield code="z">Arrighi, Ludovico degli</subfield>
  </datafield>
  <datafield tag="791" ind1="0" ind2="2">
    <subfield code="a">Ludovicus Henricus Vicentinus</subfield>
    <subfield code="3">IT\ICCU\CNCT\003218</subfield>
    <subfield code="z">Arrighi, Ludovico degli</subfield>
  </datafield>
  <datafield tag="801" ind1=" " ind2="3">
    <subfield code="a">IT</subfield>
    <subfield code="b">ICCU</subfield>
    <subfield code="c">20201114</subfield>
  </datafield>
  <datafield tag="899" ind1=" " ind2=" ">
    <subfield code="a">Biblioteca civica Guarneriana. San Daniele del Friuli</subfield>
    <subfield code="1">UD0075</subfield>
    <subfield code="2">ZUD 05</subfield>
  </datafield>
</record>
</collection>
